<record><leader>00000cas a22000007a 4500</leader><controlfield tag="001">37876386</controlfield><controlfield tag="008">971031d1uuu1916cauwr ne      0    0eng d</controlfield><datafield ind1=" " ind2=" " tag="010"><subfield code="a">sn 97069216 </subfield></datafield><datafield ind1=" " ind2=" " tag="040"><subfield code="a">CNK</subfield><subfield code="b">eng</subfield><subfield code="c">CNK</subfield><subfield code="d">OCLCQ</subfield><subfield code="d">OCLCF</subfield><subfield code="d">OCLCO</subfield></datafield><datafield ind1="1" ind2=" " tag="029"><subfield code="a">AU@</subfield><subfield code="b">000013613220</subfield></datafield><datafield ind1=" " ind2=" " tag="042"><subfield code="a">msc</subfield></datafield><datafield ind1=" " ind2=" " tag="043"><subfield code="a">n-us-ca</subfield></datafield><datafield ind1="0" ind2="0" tag="245"><subfield code="a">San Leandro standard.</subfield></datafield><datafield ind1=" " ind2=" " tag="260"><subfield code="a">San Leandro, Alameda County, Calif. :</subfield><subfield code="b">S.C. Smith</subfield></datafield><datafield ind1=" " ind2=" " tag="300"><subfield code="a">v.</subfield></datafield><datafield ind1=" " ind2=" " tag="310"><subfield code="a">Weekly</subfield></datafield><datafield ind1="0" ind2=" " tag="362"><subfield code="a">-v. 25, no. 41 (Nov. 25, 1916).</subfield></datafield><datafield ind1=" " ind2=" " tag="588"><subfield code="a">Description based on: Vol. 22, no. 15, (May 31, 1913).</subfield></datafield><datafield ind1=" " ind2="0" tag="651"><subfield code="a">San Leandro (Calif.)</subfield><subfield code="v">Newspapers.</subfield></datafield><datafield ind1=" " ind2="7" tag="655"><subfield code="a">Newspapers.</subfield><subfield code="2">fast</subfield><subfield code="0">(OCoLC)fst01423814</subfield></datafield><datafield ind1=" " ind2="7" tag="651"><subfield code="a">California</subfield><subfield code="z">San Leandro.</subfield><subfield code="2">fast</subfield><subfield code="0">(OCoLC)fst01214305</subfield></datafield><datafield ind1=" " ind2=" " tag="752"><subfield code="a">United States</subfield><subfield code="b">California</subfield><subfield code="c">Alameda</subfield><subfield code="d">San Leandro.</subfield></datafield><datafield ind1="0" ind2="7" tag="785"><subfield code="t">San Leandro observer</subfield><subfield code="w">(DLC)sn 97069217</subfield></datafield><datafield ind1="0" ind2="7" tag="785"><subfield code="t">San Leandro standard-the San Leandro observer</subfield><subfield code="w">(DLC)sn 97069218</subfield></datafield></record>